% Encoding: UTF-8

@Article{nowacki1995t,
  author    = {Nowacki, Janusz Marian},
  title     = {\TeX{}nologia a typografia},
  pages     = {1--15},
  journal   = {Biuletyn Polskiej Grupy Uzytkownik√≥w Systemu TEX},
  timestamp = {2020-06-10},
  year      = {1995},
}

